
@Misc{barr_glossary,
  author = {Michael Barr},
  title = {{Embedded Systems Glossary}},
  howpublished = {\url{http://www.netrino.com/Publications/Glossary}},
  year = {1999}
}

